
@article{en1,
author = {Dyer, Charles and Ip, Peter},
year = {1993},
month = {04},
pages = {60-67},
title = {Softening in N-body simulations of collisionless systems},
volume = {409},
journal = {The Astrophysical Journal},
doi = {10.1086/172641}
}

@inproceedings{en2,
author = {Choi, Byn and Komuravelli, Rakesh and lu, Victor and Sung, Hyojin and Jr, Robert and Adve, Sarita and Hart, John},
year = {2010},
month = {06},
pages = {77-86},
title = {Parallel SAH k-D tree construction}
}

@article{cn1,
author = {李天驹, 张铮, 张为华},
year = {2015},
month = {08},
pages = {1-9},
title = {计算机系统应用},
volume = {24},
journal = {高效KD树并行算法优化},
}

@Inbook{cn2,
author="肯尼斯.R.梅耶",
title="N体问题的周期解",
year = {2011},
month = {03},
publisher="哈尔滨工业大学出版社",
}

